<record><leader>00000cas a2200000 a 4500</leader><controlfield tag="001">22354229</controlfield><controlfield tag="008">900911d19121943mnudn ne      0    0eng c</controlfield><datafield ind1=" " ind2=" " tag="010"><subfield code="a">sn 90060296 </subfield></datafield><datafield ind1=" " ind2=" " tag="040"><subfield code="a">MN#</subfield><subfield code="b">eng</subfield><subfield code="c">MN#</subfield><subfield code="d">NVF</subfield><subfield code="d">OCLCQ</subfield><subfield code="d">OCLCF</subfield><subfield code="d">OCLCO</subfield></datafield><datafield ind1="1" ind2=" " tag="029"><subfield code="a">AU@</subfield><subfield code="b">000025906261</subfield></datafield><datafield ind1=" " ind2=" " tag="042"><subfield code="a">pcc</subfield></datafield><datafield ind1=" " ind2=" " tag="043"><subfield code="a">n-us-mn</subfield></datafield><datafield ind1=" " ind2=" " tag="052"><subfield code="a">4144</subfield><subfield code="b">S7</subfield></datafield><datafield ind1=" " ind2=" " tag="052"><subfield code="a">4143</subfield><subfield code="b">D3</subfield></datafield><datafield ind1="0" ind2=" " tag="130"><subfield code="a">South St. Paul daily reporter (South Saint Paul, Minn. : Mail ed.)</subfield></datafield><datafield ind1="1" ind2="0" tag="245"><subfield code="a">South St. Paul daily reporter.</subfield></datafield><datafield ind1="3" ind2=" " tag="246"><subfield code="a">South Saint Paul daily reporter</subfield></datafield><datafield ind1="1" ind2="3" tag="246"><subfield code="a">South St. Paul the daily reporter</subfield><subfield code="f">Dec. 23, 1941-1943</subfield></datafield><datafield ind1="3" ind2=" " tag="246"><subfield code="a">South Saint Paul the daily reporter</subfield></datafield><datafield ind1=" " ind2=" " tag="250"><subfield code="a">Mail ed.</subfield></datafield><datafield ind1=" " ind2=" " tag="260"><subfield code="a">South St. Paul, Minn. :</subfield><subfield code="b">E.L. Ogilvie,</subfield><subfield code="c">1912-1943.</subfield></datafield><datafield ind1=" " ind2=" " tag="300"><subfield code="a">v.</subfield></datafield><datafield ind1=" " ind2=" " tag="310"><subfield code="a">Daily (except Sunday)</subfield></datafield><datafield ind1="0" ind2=" " tag="362"><subfield code="a">Vol. 22, no. 174 (Sept. 14, 1912)-v. 52, no. 104 (Mar. 5, 1943).</subfield></datafield><datafield ind1=" " ind2=" " tag="500"><subfield code="a">"Only paper published at the South St. Paul Union Stock Yards."</subfield></datafield><datafield ind1=" " ind2=" " tag="550"><subfield code="a">Official paper of the South St. paul Live Stock Exchange, Apr. 17, 1915-May 5, 1922.</subfield></datafield><datafield ind1=" " ind2="0" tag="650"><subfield code="a">Livestock</subfield><subfield code="z">Minnesota</subfield><subfield code="v">Newspapers.</subfield></datafield><datafield ind1=" " ind2="7" tag="655"><subfield code="a">Newspapers.</subfield><subfield code="2">fast</subfield><subfield code="0">(OCoLC)fst01423814</subfield></datafield><datafield ind1=" " ind2="7" tag="650"><subfield code="a">Livestock.</subfield><subfield code="2">fast</subfield><subfield code="0">(OCoLC)fst01000722</subfield></datafield><datafield ind1=" " ind2="7" tag="651"><subfield code="a">Minnesota.</subfield><subfield code="2">fast</subfield><subfield code="0">(OCoLC)fst01204560</subfield></datafield><datafield ind1=" " ind2=" " tag="752"><subfield code="a">United States</subfield><subfield code="b">Minnesota</subfield><subfield code="c">Dakota</subfield><subfield code="d">South Saint Paul.</subfield></datafield><datafield ind1="0" ind2=" " tag="775"><subfield code="t">South St. Paul daily reporter (South Saint Paul, Minn. : Home ed.)</subfield><subfield code="w">(DLC)sn 90060298</subfield></datafield><datafield ind1="0" ind2="0" tag="780"><subfield code="t">South St. Paul daily reporter (South Saint Paul, Minn. : 2nd ed.)</subfield><subfield code="w">(DLC)sn 90060295</subfield></datafield><datafield ind1="0" ind2="7" tag="785"><subfield code="t">South St. Paul daily reporter (South Saint Paul, Minn. : Home ed.)</subfield><subfield code="w">(DLC)sn 90060298</subfield></datafield><datafield ind1="0" ind2="7" tag="785"><subfield code="t">South St. Paul daily reporter (South Saint Paul, Minn. : 1943)</subfield><subfield code="w">(DLC)sn 90060297</subfield></datafield></record>